<?xml version='1.0' encoding='UTF-8'?>
<record xmlns="http://www.loc.gov/MARC21/slim">
  <leader>01372cam a2200337   4500</leader>
  <controlfield tag="001">2768716</controlfield>
  <controlfield tag="003">NjP</controlfield>
  <controlfield tag="005">20170516151420.0</controlfield>
  <controlfield tag="008">940822s1969    iq ab    b    000 0 arar </controlfield>
  <datafield tag="024" ind1="7" ind2=" ">
    <subfield code="a">princeton_aco002177</subfield>
    <subfield code="2">local</subfield>
  </datafield>
  <datafield ind1=" " ind2=" " tag="010">
    <subfield code="a">   70297505 </subfield>
  </datafield>
  <datafield ind1=" " ind2=" " tag="035">
    <subfield code="a">(OCoLC)ocn178405548</subfield>
  </datafield>
  <datafield ind1=" " ind2=" " tag="035">
    <subfield code="a">(OCoLC)ocm30988120</subfield>
  </datafield>
  <datafield ind1=" " ind2=" " tag="035">
    <subfield code="a">(OCoLC)178405548</subfield>
  </datafield>
  <datafield ind1=" " ind2=" " tag="035">
    <subfield code="9">CNG5089TS</subfield>
  </datafield>
  <datafield ind1=" " ind2=" " tag="035">
    <subfield code="a">(NjP)2768716</subfield>
  </datafield>
  <datafield ind1=" " ind2=" " tag="040">
    <subfield code="a">DLC</subfield>
    <subfield code="c">PUL</subfield>
    <subfield code="d">PUL</subfield>
  </datafield>
  <datafield ind1=" " ind2=" " tag="043">
    <subfield code="a">a-iq---</subfield>
  </datafield>
  <datafield ind1=" " ind2=" " tag="049">
    <subfield code="a">PULL</subfield>
  </datafield>
  <datafield ind1="0" ind2=" " tag="050">
    <subfield code="a">DS79.9.T3</subfield>
    <subfield code="b">B38</subfield>
  </datafield>
  <datafield ind1=" " ind2=" " tag="079">
    <subfield code="a">ocm30988120</subfield>
  </datafield>
  <datafield ind1="1" ind2=" " tag="100">
    <subfield code="a">Bazzi, Michael J.</subfield>
  </datafield>
  <datafield ind1="1" ind2="0" tag="245">
    <subfield code="6">880-01</subfield>
    <subfield code="a">Baldat Talkayf,</subfield>
    <subfield code="b">māḍīhā wa-ḥāḍiruhā.</subfield>
    <subfield code="c">Taʼlīf Mīkhāʼīl Jajjū Bazzī. Sāhama fī waḍʻ ṣūratihi al-nihāʼīyah Lūsyān Jamīl wa-Mānūʼīl Yūsuf.</subfield>
  </datafield>
  <datafield ind1=" " ind2=" " tag="260">
    <subfield code="6">880-02</subfield>
    <subfield code="a">al-Mawṣul,</subfield>
    <subfield code="b">Maṭbaʻat al-Jumhūrīyah</subfield>
    <subfield code="c">1969 [i.e. 1970]</subfield>
  </datafield>
  <datafield ind1=" " ind2=" " tag="300">
    <subfield code="a">172 p.</subfield>
    <subfield code="b">illus., maps.</subfield>
    <subfield code="c">24 cm.</subfield>
  </datafield>
  <datafield ind1=" " ind2=" " tag="504">
    <subfield code="a">Bibliography: p. 167.</subfield>
  </datafield>
  <datafield ind1=" " ind2="0" tag="651">
    <subfield code="a">Tall Kayf (Iraq)</subfield>
  </datafield>
  <datafield ind1="1" ind2="0" tag="880">
    <subfield code="6">245-01/r</subfield>
    <subfield code="a">بلدة تلكيف،</subfield>
    <subfield code="b">ماضيها وحاضرها.</subfield>
    <subfield code="c">تأليف ميخائيل ججوا بزي. ساهم في وضع صورته النهائية لوسيان جميل ومانوئيل يوسف.</subfield>
  </datafield>
  <datafield ind1=" " ind2=" " tag="880">
    <subfield code="6">260-02/r</subfield>
    <subfield code="a">الموصل،</subfield>
    <subfield code="b">مطبعة الجمهورية</subfield>
    <subfield code="c">1969 [ا.. 1970]</subfield>
  </datafield>
  <datafield ind1=" " ind2=" " tag="911">
    <subfield code="a">20000130</subfield>
  </datafield>
  <datafield ind1=" " ind2=" " tag="994">
    <subfield code="a">C0</subfield>
    <subfield code="b">PUL</subfield>
  </datafield>
  <datafield ind1=" " ind2=" " tag="999">
    <subfield code="a">2768716</subfield>
  </datafield>
  <datafield ind1="0" ind2="0" tag="852">
    <subfield code="0">3079545</subfield>
    <subfield code="b">nec</subfield>
    <subfield code="t">1</subfield>
    <subfield code="h">DS79.9.T3</subfield>
    <subfield code="i">B38 1970</subfield>
  </datafield>
  <datafield ind1=" " ind2=" " tag="959">
    <subfield code="a">2009-06-29 15:37:57 -0400</subfield>
  </datafield>
</record>
